
@article{shannon,
author = "C.E. Shannon",
title = "A mathematical theory of communication",
journal = "SIGMOBILE Mobile Computing and Communications Review",
volume = "5",
number = "1",
pages = "3--55",
year = "2001" }

@inproceedings{chat_steph,
author = "A. Chatzigeorgiou and G. Stephanides",
title = "Entropy as a measure of object-oriented design quality",
booktitle = "First Balkan Conference on Informatics (BCI'2003)",
pages = "565--573",
year = "2003" }

@inproceedings{abd-el-hafiz,
author = "S.K. Abd-El-Hafiz",
title = "Entropies as Measures of Software Information",
booktitle = "17th IEEE International Conference on Software Maintenance (ICSM'01)",
year = "2001" }

@book{aczel_and_daroczy,
author = "J. Acz\'{e}l and Z. Dar\'{o}czy",
title = "On Measures of Information and their Characterization",
publisher = "Academic Press",
year = "1975" }

@article{khosh_allen,
author = "T.M. Khoshgoftaar and E.B. Allen",
title = "Empirical assessment of a software metric: The information content of operators",
journal = "Software Quality Control",
volume = "9",
number = "2",
pages = "99--112",
year = "2001" }

@article{etzkorn_gholston,
author = "L.H. Etzkorn and S. Gholston",
title = "A semantic entropy metric",
journal = "Journal of Software Maintenance and Evolution: Research and Practice",
volume = "14",
pages = "293--310",
year = "2002" }

