
@inproceedings{amoussou_rohmer,
author = "G.-A. Amoussou and S. Rohmer",
title = "Functional modeling: A survey for common framework design",
booktitle = "Modeling and Simulation (ESM'2002)",
location = "SCS Europe, Ghent, Belgium",
year = "2002" }

@phdthesis{amoussou,
author = "G.-A. Amoussou",
title = "Th\`{e}se pr\'{e}sent\'{e}e pour l'obtention du grade de Docteur de l'UTC",
school = "Universit\`{e} de Technologie, Compi\`{e}gne",
year = "1999" }

@article{mich_et_al,
author = "L. Mich and M. Franch and P. Novi Inverardi",
title = "Market research for requirements analysis using linguistic tools",
journal = "Requirements Engineering",
volume = "9",
number = "1",
pages = "40--56",
year = "2004" }

@article{neill_laplante,
author = "C.J. Neill and P.A. Laplante",
title = "Requirements engineering: The state of the practice",
journal = "IEEE Software",
volume = "20",
number = "6",
pages = "40--45",
year = "2003" }

@misc{berry_et_al,
author = "D.M. Berry and E. Kamsties and M.M. Krieger",
title = "From contract drafting to software specification: Linguistic sources of ambiguity--a handbook",
howpublished = "Online: http://se.uwaterloo.ca/\~{}dberry/handbook/ ambiguityHandbook.pdf",
year = "2003" }

@article{gervasi_zowghi,
author = "V. Gervasi and D. Zowghi",
title = "Reasoning about inconsistencies in natural language requirements",
journal = "ACM Transactions on Software Engineering and Methodology (TOSEM)",
volume = "14",
number = "3",
pages = "277--330",
year = "2005" }

@book{brooks_man_month,
author = "Frederick P. Brooks",
title = "The Mythical Man-Month: Essays on Software Engineering",
edition = "20th anniversary",
publisher = "Addison-Wesley Professional",
address = "Boston, USA",
year = "1995" }

@book{goel,
author = "V. Goel",
title = "Sketches of Thought",
publisher = "MIT Press",
address = "Cambridge, Mass.",
year = "1995" }

@inproceedings{vetting_wolf_rode,
author = "T. Vetting Wolf and J. A. Rode and J. Sussman and W. A. Kellogg",
title = "Dispelling Design as the 'Black Art' of CHI",
booktitle = "Proc. of the SIG CHI conference on Human Factors in Computing Systems CHI '06",
pages = "521--530",
location = "Montreal, Quebec, Canada",
year = "April 2006" }

@inproceedings{tohidi_buxton_baecker,
author = "M. Tohidi and W. Buxton and R. Baecker and A. Sellen",
title = "User Sketches: A Quick, Inexpensive, and Effective way to Elicit More Reflective User Feedback",
booktitle = "Proceedings of the 4th Nordic Conference on Human-Computer Interaction: Changing Roles NordiCHI '06",
pages = "105--114",
location = "Oslo, Norway",
year = "October 2006" }

@inproceedings{hailpern_hinterbichler_etal,
author = "J. Hailpern and E. Hinterbichler and C. Leppert and D. Cook and B. P. Bailey",
title = "TEAM STORM: demonstrating an interaction model for working with multiple ideas during creative group work",
booktitle = "Proc. of the 6th ACM SIGCHI conference on Creativity \& cognition C \& C '07",
pages = "193--202",
year = "June 2007" }

@inproceedings{grundy_hosking,
author = "J. Grundy and J. Hosking",
title = "Supporting Generic Sketching-Based Input of Diagrams in a Domain-Specific Visual Language Meta-Tool",
booktitle = "Proc. of the 29th international conference on Software Engineering ICSE '07",
year = "May 2007" }

@inproceedings{plimmer_apperley,
author = "B. Plimmer and M. Apperley",
title = "Computer-Aided Sketching to Capture Preliminary Design",
booktitle = "Australian Computer Science Communications, Proceedings of the Third Australasian conference on User Interfaces AUIC '02",
pages = "9--12",
location = "Melbourne, Australia",
year = "2001" }

@inproceedings{oh_Stuerzlinger_danahy,
author = "J. Oh, W. Stuerzlinger and J. Danahy",
title = "SESAME: Towards Better 3D Conceptual Design Systems",
booktitle = "Proceedings of the 6th ACM Conference on Designing Interactive Systems DIS '06",
pages = "80--89",
location = "Pennsylvania, USA",
year = "June 2006" }

@inproceedings{martin,
author = "C. J. Martin",
title = "Scribbles: An Exploratory Study of Sketch Based Support for Early Collaborative Object Oriented Design",
booktitle = "ACM SIGCSE Bulletin, Proceedings of the 12th annual SIGCSE Conference on Innovation and Technology in Computer Science Education ITiCSE '07",
pages = "286--290",
location = "Dundee, Scotland, United Kingdom",
year = "June, 2007" }

@inproceedings{kara_eramo_shimada,
author = "L. B. Kara and C. M. D'Eramo and K. Shimada",
title = "Pen-Based Styling Design of 3D Geometry Using Concept Sketches and Template Models",
booktitle = "Proc. of the 2006 ACM symposium on Solid and Physical Modeling SPM '06",
pages = "149--160",
location = "Cardiff, Wales, United Kingdon",
year = "June 2006" }

@book{freeman,
author = "P. Freeman",
title = "The Central Role of Design in Software Engineering",
booktitle = "Software Engineering Education",
editor = "P. Freeman and A. Wasserman",
publisher = "Springer-Verlag",
address = "New York",
year = "1976" }

@book{simon,
author = "H. A. Simon",
title = "The Sciences of the Artificial",
edition = "2nd ed.",
publisher = "MIT Press",
year = "1981" }

@inproceedings{taylor_hoek,
author = "R. N. Taylor and A. van der Hoek",
title = "Software Design and Architecture: The once and future focus of Software Engineering",
booktitle = "Proc. of the 29th international conference on the Future of Software Engineering FOSE '07",
year = "2007" }

@inproceedings{bowen_hinchey,
author = "J. P. Bowen and M. G. Hinchey",
title = "Ten Commandments Revisited: A Ten-Year Perspective on the Industrial Application of Formal Methods",
booktitle = "Proc. of the 10th International Workshop on Formal Methods for Industrial Critical Systems FMICS '05",
pages = "8--16",
year = "September 2005" }

@article{watkins_neal,
author = {Robert Watkins and Mark Neal},
title = {Why and How of Requirements Tracing},
journal = {IEEE Softw.},
volume = {11},
number = {4},
year = {1994},
issn = {0740-7459},
pages = {104--106},
doi = {http://dx.doi.org/10.1109/52.300100},
publisher = {IEEE Computer Society Press},
address = {Los Alamitos, CA, USA},
}

@inproceedings{heindl_biffl,
author = {Matthias Heindl and Stefan Biffl},
title = {A case study on value-based requirements tracing},
booktitle = {ESEC/FSE-13: Proceedings of the 10th European software engineering conference held jointly with 13th ACM SIGSOFT international symposium on Foundations of software engineering},
year = {2005},
isbn = {1-59593-014-0},
pages = {60--69},
location = {Lisbon, Portugal},
doi = {http://doi.acm.org/10.1145/1081706.1081717},
publisher = {ACM},
address = {New York, NY, USA},
}

@article{ramesh_jarke,
author = {Balasubramaniam Ramesh and Matthias Jarke},
title = {Toward Reference Models for Requirements Traceability},
journal = {IEEE Trans. Softw. Eng.},
volume = {27},
number = {1},
year = {2001},
issn = {0098-5589},
pages = {58--93},
doi = {http://dx.doi.org/10.1109/32.895989},
publisher = {IEEE Press},
address = {Piscataway, NJ, USA},
}

@unpublished{eckroth,
author = "Joshua Eckroth and Guy-Alain Amoussou",
title = "Improving software quality from the requirements specification",
year = "2007" }

@inproceedings{eckroth_et_al,
author = "Joshua Eckroth and Ricardo Aytche and Guy-Alain Amoussou",
title = "Toward a Science of Design for Software-Intensive Systems",
booktitle = "Proceedings of the 2nd International Conference on Design Science Research in Information Systems and Technology (DESRIST 2007)",
month = "May",
location = "Pasadena, CA",
pages = "39--53",
year = "2007" }

@article{shannon,
author = {C. E. Shannon},
 title = {A mathematical theory of communication},
 journal = {SIGMOBILE Mob. Comput. Commun. Rev.},
 volume = {5},
 number = {1},
 year = {2001},
 issn = {1559-1662},
 pages = {3--55},
 doi = {http://doi.acm.org/10.1145/584091.584093},
 publisher = {ACM},
 address = {New York, NY, USA}
}

@unpublished{ameche_ketabchi,
author = "Nicole Ameche and Ehsan Ketabchi",
title = "A Framework for Requirement Traceability",
year = "2007" }

@article{ramesh_stubbs,
author = {B. Ramesh and C. Stubbs},
 title = {Lessons Learned from Implementing Requirements Traceability},
 journal = {Crosstalk, Journal of Defense Software Engineering},
 volume = {8},
 number = {4},
 year = {April, 1995},
 pages = {11--15},
 doi = {http://www.stsc.hill.af.mil/crosstalk/frames.asp?uri=1995/04/Lessons.asp}
}



